@book{ross2014introduction,
  title={Introduction to probability models},
  author={Ross, Sheldon M},
  year={2014},
  publisher={Academic press}
}

@book{bruce2020practical,
  title={Practical statistics for data scientists: 50+ essential concepts using R and Python},
  author={Bruce, Peter and Bruce, Andrew and Gedeck, Peter},
  year={2020},
  publisher={O'Reilly Media}
}
